% Encoding: UTF-8

This is a sample BibTeX database.

@article{GreenAgileMethods,
  author = "Markus Dick and Jakob Drangmeister and Eva Kern and Stefan Naumann",
  title = "Green Software Engineering with Agile Methods",
  journal = "ICSE International Conference on Software Engineering",
  year = "2013",
  url = "https://ieeexplore.ieee.org/document/6606425",
  note = "Rank A*"
}

@article{GreenSoftModel,
  author = "Stefan Naumann and Markus Dick and Eva Kern and Timo Johann",
  title = "The GREENSOFT Model: A reference model for green and sustainable software and its engineering",
  journal = "Sustainable Computing: Informatics and Systems",
  year = "2011",
  url = "https://www.sciencedirect.com/science/article/abs/pii/S2210537911000473",
  note = "Rank Q1"
}

@article{EmpiricalStudy,
  author = "Irene Manotas and Christian Bird and Rui Zhang and David Shepherd and Ciera Jaspan and Caitlin Sadowski and Lori Pollock and James Clause",
  title = "An Empirical Study of Practitioners' Perspectives on Green Software Engineering",
  journal = "2016 IEEE/ACM 38th IEEE International Conference on Software Engineering",
  year = "2016",
  url = "https://dl.acm.org/doi/abs/10.1145/2884781.2884810",
  note = "Rank A*"
}

@article{SafetySecuritySustainability,
  author = "Birgit Penzenstadler and Ankita Raturi and Debra Richardson and Bill Tomlinson",
  title = "Safety, Security, Now Sustainability: The Nonfunctional Requirement for the 21st Century",
  journal = "IEEE Software",
  year = "2014",
  url = "https://ieeexplore.ieee.org/document/6728940",
  note = "Rank Q1"
}

@article{IntegrationSustainabilityMetrics,
  author = "Cristian Fagarasan and Ciprian Cristea and Maria Cristea and Ovidiu Popa and Adrian Pisla",
  title = "Integrating Sustainability Metrics into Project and Portfolio Performance Assessment in Agile Software Development: A Data-Driven Scoring Model",
  journal = "Journal: Sustainability",
  year = "2023",
  url = "https://www.mdpi.com/2071-1050/15/17/13139",
  note = "Rank Q1"
}

@article{GreenSustainableEngMapping,
  author = "Brunna C. Mourão and Leila Karita and Ivan do Carmo Machado",
  title = "Green and Sustainable Software Engineering - a Systematic Mapping Study",
  journal = "SBQS '18: Proceedings of the XVII Brazilian Symposium on Software Quality",
  year = "2018",
  url = "https://dl.acm.org/doi/abs/10.1145/3275245.3275258",
  note = "Rank B"
}

@article{SustainableStratifiedTheory,
  author = "Sean McGuire and Erin Schultz and Bimpe Ayoola; Paul Ralph",
  title = "Sustainability is Stratified: Toward a Better Theory of Sustainable Software Engineering",
  journal = "2023 IEEE/ACM 45th International Conference on Software Engineering (ICSE)",
  year = "2023",
  url = "https://ieeexplore.ieee.org/abstract/document/10172842",
  note = "Rank A*"
}

@article{GreenMeasurementStructure,
  author = "Komeil Raisian and Jamaiah Yahaya and Siti Rohana Ahmad Ibrahim and Aziz Deraman and Tumen Yunos",
  title = "The Green Software Measurement Structure Based on Sustainability Perspective",
  journal = "2021 International Conference on Electrical Engineering and Informatics (ICEEI)",
  year = "2021",
  url = "https://ieeexplore.ieee.org/document/9611108",
  note = "Rank C"
}

@article{SustainableEngNeglectedPerspective,
  author = "Binish Tanveer",
  title = "Sustainable software engineering - have we neglected the software engineer's perspective?",
  journal = "2021 36th IEEE/ACM International Conference on Automated Software Engineering Workshops (ASEW)",
  year = "2022",
  url = "https://ieeexplore.ieee.org/document/9679832",
  note = "Rank A*"
}

@article{ImpactGreenFeedback,
  author = "Adel Noureddine and Martín Diéguez Lodeiro and Noëlle Bru and Richard Chbeir",
  title = "The Impact of Green Feedback on Users’ Software Usage",
  journal = "IEEE Transactions on Sustainable Computing",
  year = "2022",
  url = "https://ieeexplore.ieee.org/document/9953563",
  note = "Rank Q1"
}

@article{SustainabilityAwarenessFramework,
  author = "Peter Bambazek and Iris Groher and Norbert Seyff",
  title = "Application of the Sustainability Awareness Framework in Agile Software Development",
  journal = "2023 IEEE 31st International Requirements Engineering Conference (RE)",
  year = "2023",
  url = "https://ieeexplore.ieee.org/document/10260996",
  note = "Rank A*"
}

@article{SustainabilityRequirementsEngineering,
  author = "Peter Garscha",
  title = "From Sustainability in Requirements Engineering to a Sustainability-Aware Scrum Framework",
  journal = "2021 IEEE 29th International Requirements Engineering Conference (RE)",
  year = "2021",
  url = "https://ieeexplore.ieee.org/document/9604667",
  note = "Rank A*"
}

@article{TowardSustainableSoftwareEngineering,
    author = "Nadine Amsel and Zaid Ibrahim and Amir Malik and Bill Tomlinson",
    title = "Toward Sustainable Software Engineering" ,
    journal = "ICSE '11: Proceedings of the 33rd International Conference on Software Engineering",
    year = "2011",
    url = "https://dl.acm.org/doi/10.1145/1985793.1985964",
    note = "Rank A"
}

@book{Albertao,
  editor        = "Albertao, F. and Liu",
  title         = "Measuring the Sustainability Performance of Software Projects",
  publisher     = "IEEE 7th International Conference on e-Business Engineering",
  address       = "Shanghai, China",
  year          = "2010",
  pages         = "369–373"
}

@misc{Brundtland87,
  author       = "Gro Harlem Brundtland",
  title        = "Report of the World Commission on Environment and Development: Our Common Future",
  howpublished = "Available at \url{https://sustainabledevelopment.un.org/content/documents/5987our-common-future.pdf}",
  year         = "1987"
}

@book{ChargeCognitive,
    author = "CHANQUOY Lucile et TRICOT André et SWELLER John",
    title = "La charge cognitive. Théorie et applications.",
    publisher = "Armand Colin",
    year = "2007",
    url = "https://www.cairn.info/la-charge-cognitive--9782200347246.htm"
}
